@article{katz1987estimation,
  title={Estimation of probabilities from sparse data for the language model component of a speech recognizer},
  author={Katz, Slava},
  journal={Acoustics, Speech and Signal Processing, IEEE Transactions on},
  volume={35},
  number={3},
  pages={400--401},
  year={1987},
  publisher={IEEE}
}
@article{church1991comparison,
  title={A comparison of the enhanced Good-Turing and deleted estimation methods for estimating probabilities of English bigrams},
  author={Church, Kenneth W and Gale, William A},
  journal={Computer Speech \& Language},
  volume={5},
  number={1},
  pages={19--54},
  year={1991},
  publisher={Elsevier}
}